%YAML 1.1
%TAG !u! tag:unity3d.com,2011:
--- !u!1 &7660760657835478337
GameObject:
  m_ObjectHideFlags: 0
  m_CorrespondingSourceObject: {fileID: 0}
  m_PrefabInstance: {fileID: 0}
  m_PrefabAsset: {fileID: 0}
  serializedVersion: 6
  m_Component:
  - component: {fileID: 802485612192455939}
  m_Layer: 0
  m_Name: Graphics
  m_TagString: Untagged
  m_Icon: {fileID: 0}
  m_NavMeshLayer: 0
  m_StaticEditorFlags: 0
  m_IsActive: 1
--- !u!4 &802485612192455939
Transform:
  m_ObjectHideFlags: 0
  m_CorrespondingSourceObject: {fileID: 0}
  m_PrefabInstance: {fileID: 0}
  m_PrefabAsset: {fileID: 0}
  m_GameObject: {fileID: 7660760657835478337}
  m_LocalRotation: {x: 0, y: 0, z: 0, w: 1}
  m_LocalPosition: {x: 0, y: 0, z: 0}
  m_LocalScale: {x: 1, y: 1, z: 1}
  m_Children:
  - {fileID: 6993996882028901278}
  m_Father: {fileID: 8131415395896613885}
  m_RootOrder: 0
  m_LocalEulerAnglesHint: {x: 0, y: 0, z: 0}
--- !u!1 &8107229040555289397
GameObject:
  m_ObjectHideFlags: 0
  m_CorrespondingSourceObject: {fileID: 0}
  m_PrefabInstance: {fileID: 0}
  m_PrefabAsset: {fileID: 0}
  serializedVersion: 6
  m_Component:
  - component: {fileID: 8131415395896613885}
  - component: {fileID: -8674838385635063784}
  m_Layer: 0
  m_Name: Lion 1
  m_TagString: Untagged
  m_Icon: {fileID: 0}
  m_NavMeshLayer: 0
  m_StaticEditorFlags: 0
  m_IsActive: 1
--- !u!4 &8131415395896613885
Transform:
  m_ObjectHideFlags: 0
  m_CorrespondingSourceObject: {fileID: 0}
  m_PrefabInstance: {fileID: 0}
  m_PrefabAsset: {fileID: 0}
  m_GameObject: {fileID: 8107229040555289397}
  m_LocalRotation: {x: 0, y: 0, z: 0, w: 1}
  m_LocalPosition: {x: 0, y: 0, z: 0}
  m_LocalScale: {x: 1, y: 1, z: 1}
  m_Children:
  - {fileID: 802485612192455939}
  m_Father: {fileID: 0}
  m_RootOrder: 0
  m_LocalEulerAnglesHint: {x: 0, y: 0, z: 0}
--- !u!114 &-8674838385635063784
MonoBehaviour:
  m_ObjectHideFlags: 0
  m_CorrespondingSourceObject: {fileID: 0}
  m_PrefabInstance: {fileID: 0}
  m_PrefabAsset: {fileID: 0}
  m_GameObject: {fileID: 8107229040555289397}
  m_Enabled: 1
  m_EditorHideFlags: 0
  m_Script: {fileID: 11500000, guid: 328da8b1bce2fec4cb7f9f41f4c918fb, type: 3}
  m_Name: 
  m_EditorClassIdentifier: 
--- !u!1001 &7387330996275303541
PrefabInstance:
  m_ObjectHideFlags: 0
  serializedVersion: 2
  m_Modification:
    m_TransformParent: {fileID: 802485612192455939}
    m_Modifications:
    - target: {fileID: -8679921383154817045, guid: c74bcd0c2500129438b502cf890e69e5,
        type: 3}
      propertyPath: m_LocalPosition.x
      value: 0
      objectReference: {fileID: 0}
    - target: {fileID: -8679921383154817045, guid: c74bcd0c2500129438b502cf890e69e5,
        type: 3}
      propertyPath: m_LocalPosition.y
      value: -0.5
      objectReference: {fileID: 0}
    - target: {fileID: -8679921383154817045, guid: c74bcd0c2500129438b502cf890e69e5,
        type: 3}
      propertyPath: m_LocalPosition.z
      value: 0.077
      objectReference: {fileID: 0}
    - target: {fileID: -8679921383154817045, guid: c74bcd0c2500129438b502cf890e69e5,
        type: 3}
      propertyPath: m_LocalRotation.x
      value: -0.70710677
      objectReference: {fileID: 0}
    - target: {fileID: -8679921383154817045, guid: c74bcd0c2500129438b502cf890e69e5,
        type: 3}
      propertyPath: m_LocalRotation.y
      value: 0
      objectReference: {fileID: 0}
    - target: {fileID: -8679921383154817045, guid: c74bcd0c2500129438b502cf890e69e5,
        type: 3}
      propertyPath: m_LocalRotation.z
      value: 0
      objectReference: {fileID: 0}
    - target: {fileID: -8679921383154817045, guid: c74bcd0c2500129438b502cf890e69e5,
        type: 3}
      propertyPath: m_LocalRotation.w
      value: 0.70710677
      objectReference: {fileID: 0}
    - target: {fileID: -8679921383154817045, guid: c74bcd0c2500129438b502cf890e69e5,
        type: 3}
      propertyPath: m_RootOrder
      value: 0
      objectReference: {fileID: 0}
    - target: {fileID: -8679921383154817045, guid: c74bcd0c2500129438b502cf890e69e5,
        type: 3}
      propertyPath: m_LocalEulerAnglesHint.x
      value: -90
      objectReference: {fileID: 0}
    - target: {fileID: -8679921383154817045, guid: c74bcd0c2500129438b502cf890e69e5,
        type: 3}
      propertyPath: m_LocalEulerAnglesHint.y
      value: 90
      objectReference: {fileID: 0}
    - target: {fileID: -8679921383154817045, guid: c74bcd0c2500129438b502cf890e69e5,
        type: 3}
      propertyPath: m_LocalEulerAnglesHint.z
      value: -90
      objectReference: {fileID: 0}
    - target: {fileID: -8679921383154817045, guid: c74bcd0c2500129438b502cf890e69e5,
        type: 3}
      propertyPath: m_LocalScale.x
      value: 46.627003
      objectReference: {fileID: 0}
    - target: {fileID: -8679921383154817045, guid: c74bcd0c2500129438b502cf890e69e5,
        type: 3}
      propertyPath: m_LocalScale.y
      value: 46.627003
      objectReference: {fileID: 0}
    - target: {fileID: -8679921383154817045, guid: c74bcd0c2500129438b502cf890e69e5,
        type: 3}
      propertyPath: m_LocalScale.z
      value: 46.627003
      objectReference: {fileID: 0}
    - target: {fileID: -7511558181221131132, guid: c74bcd0c2500129438b502cf890e69e5,
        type: 3}
      propertyPath: m_Materials.Array.data[0]
      value: 
      objectReference: {fileID: 2100000, guid: 20a7f11c44394d44c954401b4e486f40, type: 2}
    - target: {fileID: 919132149155446097, guid: c74bcd0c2500129438b502cf890e69e5,
        type: 3}
      propertyPath: m_Name
      value: cube_lion_obj
      objectReference: {fileID: 0}
    - target: {fileID: 919132149155446097, guid: c74bcd0c2500129438b502cf890e69e5,
        type: 3}
      propertyPath: m_IsActive
      value: 1
      objectReference: {fileID: 0}
    m_RemovedComponents: []
  m_SourcePrefab: {fileID: 100100000, guid: c74bcd0c2500129438b502cf890e69e5, type: 3}
--- !u!4 &6993996882028901278 stripped
Transform:
  m_CorrespondingSourceObject: {fileID: -8679921383154817045, guid: c74bcd0c2500129438b502cf890e69e5,
    type: 3}
  m_PrefabInstance: {fileID: 7387330996275303541}
  m_PrefabAsset: {fileID: 0}
