%YAML 1.1
%TAG !u! tag:unity3d.com,2011:
--- !u!1 &4870887782557401128
GameObject:
  m_ObjectHideFlags: 0
  m_CorrespondingSourceObject: {fileID: 0}
  m_PrefabInstance: {fileID: 0}
  m_PrefabAsset: {fileID: 0}
  serializedVersion: 6
  m_Component:
  - component: {fileID: 1870741473879860041}
  - component: {fileID: 8960922013290923579}
  m_Layer: 0
  m_Name: Capsule
  m_TagString: Untagged
  m_Icon: {fileID: 0}
  m_NavMeshLayer: 0
  m_StaticEditorFlags: 0
  m_IsActive: 1
--- !u!4 &1870741473879860041
Transform:
  m_ObjectHideFlags: 0
  m_CorrespondingSourceObject: {fileID: 0}
  m_PrefabInstance: {fileID: 0}
  m_PrefabAsset: {fileID: 0}
  m_GameObject: {fileID: 4870887782557401128}
  m_LocalRotation: {x: 0, y: 0, z: 0, w: 1}
  m_LocalPosition: {x: 0, y: 0.5, z: 0}
  m_LocalScale: {x: 1, y: 1, z: 1}
  m_Children: []
  m_Father: {fileID: 2734365494782457938}
  m_RootOrder: 0
  m_LocalEulerAnglesHint: {x: 0, y: 0, z: 0}
--- !u!95 &8960922013290923579
Animator:
  serializedVersion: 3
  m_ObjectHideFlags: 0
  m_CorrespondingSourceObject: {fileID: 0}
  m_PrefabInstance: {fileID: 0}
  m_PrefabAsset: {fileID: 0}
  m_GameObject: {fileID: 4870887782557401128}
  m_Enabled: 1
  m_Avatar: {fileID: 0}
  m_Controller: {fileID: 9100000, guid: 91827535cd87cca4e97c3a4502f157c6, type: 2}
  m_CullingMode: 0
  m_UpdateMode: 0
  m_ApplyRootMotion: 0
  m_LinearVelocityBlending: 0
  m_WarningMessage: 
  m_HasTransformHierarchy: 1
  m_AllowConstantClipSamplingOptimization: 1
  m_KeepAnimatorControllerStateOnDisable: 0
--- !u!1 &8107229040555289397
GameObject:
  m_ObjectHideFlags: 0
  m_CorrespondingSourceObject: {fileID: 0}
  m_PrefabInstance: {fileID: 0}
  m_PrefabAsset: {fileID: 0}
  serializedVersion: 6
  m_Component:
  - component: {fileID: 8131415395896613885}
  m_Layer: 0
  m_Name: Player
  m_TagString: Untagged
  m_Icon: {fileID: 0}
  m_NavMeshLayer: 0
  m_StaticEditorFlags: 0
  m_IsActive: 1
--- !u!4 &8131415395896613885
Transform:
  m_ObjectHideFlags: 0
  m_CorrespondingSourceObject: {fileID: 0}
  m_PrefabInstance: {fileID: 0}
  m_PrefabAsset: {fileID: 0}
  m_GameObject: {fileID: 8107229040555289397}
  m_LocalRotation: {x: 0, y: 0, z: 0, w: 1}
  m_LocalPosition: {x: 0, y: 0, z: 0}
  m_LocalScale: {x: 1, y: 1, z: 1}
  m_Children:
  - {fileID: 2734365494782457938}
  m_Father: {fileID: 0}
  m_RootOrder: 0
  m_LocalEulerAnglesHint: {x: 0, y: 0, z: 0}
--- !u!1 &9042970504267919151
GameObject:
  m_ObjectHideFlags: 0
  m_CorrespondingSourceObject: {fileID: 0}
  m_PrefabInstance: {fileID: 0}
  m_PrefabAsset: {fileID: 0}
  serializedVersion: 6
  m_Component:
  - component: {fileID: 2734365494782457938}
  - component: {fileID: 6900425037155169951}
  - component: {fileID: 8387228418897488734}
  - component: {fileID: 8939973849164781389}
  - component: {fileID: 3942499801866969121}
  - component: {fileID: 893553516924334350}
  - component: {fileID: 8741124192717243835}
  m_Layer: 0
  m_Name: Capsule
  m_TagString: Players
  m_Icon: {fileID: 0}
  m_NavMeshLayer: 0
  m_StaticEditorFlags: 0
  m_IsActive: 1
--- !u!4 &2734365494782457938
Transform:
  m_ObjectHideFlags: 0
  m_CorrespondingSourceObject: {fileID: 0}
  m_PrefabInstance: {fileID: 0}
  m_PrefabAsset: {fileID: 0}
  m_GameObject: {fileID: 9042970504267919151}
  m_LocalRotation: {x: -0, y: -0, z: -0, w: 1}
  m_LocalPosition: {x: 0, y: 0, z: 0}
  m_LocalScale: {x: 1, y: 1, z: 1}
  m_Children:
  - {fileID: 1870741473879860041}
  - {fileID: 8679622697354750266}
  m_Father: {fileID: 8131415395896613885}
  m_RootOrder: 0
  m_LocalEulerAnglesHint: {x: 0, y: 0, z: 0}
--- !u!54 &6900425037155169951
Rigidbody:
  m_ObjectHideFlags: 0
  m_CorrespondingSourceObject: {fileID: 0}
  m_PrefabInstance: {fileID: 0}
  m_PrefabAsset: {fileID: 0}
  m_GameObject: {fileID: 9042970504267919151}
  serializedVersion: 2
  m_Mass: 1
  m_Drag: 0
  m_AngularDrag: 0.05
  m_UseGravity: 0
  m_IsKinematic: 0
  m_Interpolate: 0
  m_Constraints: 84
  m_CollisionDetection: 0
--- !u!136 &8387228418897488734
CapsuleCollider:
  m_ObjectHideFlags: 0
  m_CorrespondingSourceObject: {fileID: 0}
  m_PrefabInstance: {fileID: 0}
  m_PrefabAsset: {fileID: 0}
  m_GameObject: {fileID: 9042970504267919151}
  m_Material: {fileID: 13400000, guid: 554f9a9e25256cb4f9ce19ecd9495904, type: 2}
  m_IsTrigger: 0
  m_Enabled: 1
  m_Radius: 0.8
  m_Height: 1
  m_Direction: 1
  m_Center: {x: 0, y: 1, z: 0}
--- !u!114 &8939973849164781389
MonoBehaviour:
  m_ObjectHideFlags: 0
  m_CorrespondingSourceObject: {fileID: 0}
  m_PrefabInstance: {fileID: 0}
  m_PrefabAsset: {fileID: 0}
  m_GameObject: {fileID: 9042970504267919151}
  m_Enabled: 1
  m_EditorHideFlags: 0
  m_Script: {fileID: 11500000, guid: 62899f850307741f2a39c98a8b639597, type: 3}
  m_Name: 
  m_EditorClassIdentifier: 
  m_Actions: {fileID: -944628639613478452, guid: 2de857076b0f4764f8ee2a41d5281255,
    type: 3}
  m_NotificationBehavior: 0
  m_UIInputModule: {fileID: 0}
  m_DeviceLostEvent:
    m_PersistentCalls:
      m_Calls: []
  m_DeviceRegainedEvent:
    m_PersistentCalls:
      m_Calls: []
  m_ControlsChangedEvent:
    m_PersistentCalls:
      m_Calls: []
  m_ActionEvents: []
  m_NeverAutoSwitchControlSchemes: 0
  m_DefaultControlScheme: 
  m_DefaultActionMap: Player
  m_SplitScreenIndex: -1
  m_Camera: {fileID: 0}
--- !u!114 &3942499801866969121
MonoBehaviour:
  m_ObjectHideFlags: 0
  m_CorrespondingSourceObject: {fileID: 0}
  m_PrefabInstance: {fileID: 0}
  m_PrefabAsset: {fileID: 0}
  m_GameObject: {fileID: 9042970504267919151}
  m_Enabled: 1
  m_EditorHideFlags: 0
  m_Script: {fileID: 11500000, guid: e59c184408760504ba847a45603bd2f0, type: 3}
  m_Name: 
  m_EditorClassIdentifier: 
  dashDelay: 1
--- !u!114 &893553516924334350
MonoBehaviour:
  m_ObjectHideFlags: 0
  m_CorrespondingSourceObject: {fileID: 0}
  m_PrefabInstance: {fileID: 0}
  m_PrefabAsset: {fileID: 0}
  m_GameObject: {fileID: 9042970504267919151}
  m_Enabled: 1
  m_EditorHideFlags: 0
  m_Script: {fileID: 11500000, guid: 5abfe15138a42ae4b9563917b2b5ab2b, type: 3}
  m_Name: 
  m_EditorClassIdentifier: 
  movementSpeed: 5
  maxRotation: 0.05
  deathSmooth: 1
  dashForce: 15
  absoluteMovement: 0
  dashDuration: 0.25
--- !u!114 &8741124192717243835
MonoBehaviour:
  m_ObjectHideFlags: 0
  m_CorrespondingSourceObject: {fileID: 0}
  m_PrefabInstance: {fileID: 0}
  m_PrefabAsset: {fileID: 0}
  m_GameObject: {fileID: 9042970504267919151}
  m_Enabled: 1
  m_EditorHideFlags: 0
  m_Script: {fileID: 11500000, guid: 90849999af32ee74680aa5b71d872499, type: 3}
  m_Name: 
  m_EditorClassIdentifier: 
  deathTimer: {fileID: 8679622697354750269}
  animalManager: {fileID: 11400000, guid: 3bd19a36fac0c2a48b159a2b839f559a, type: 2}
  playerManager: {fileID: 11400000, guid: 5ba823c117bcb204d836cc09432cfb7f, type: 2}
  spawnPositions: {fileID: 11400000, guid: 6da97426ed4af6143855aedfd7f17901, type: 2}
  used: {fileID: 11400000, guid: bd94e1e8285107243b191c810c39862e, type: 2}
--- !u!1001 &1999154672573569108
PrefabInstance:
  m_ObjectHideFlags: 0
  serializedVersion: 2
  m_Modification:
    m_TransformParent: {fileID: 2734365494782457938}
    m_Modifications:
    - target: {fileID: 7190659047747498350, guid: e4d23931dbc94834ab827022555ff624,
        type: 3}
      propertyPath: m_LocalPosition.x
      value: 0
      objectReference: {fileID: 0}
    - target: {fileID: 7190659047747498350, guid: e4d23931dbc94834ab827022555ff624,
        type: 3}
      propertyPath: m_LocalPosition.y
      value: 0
      objectReference: {fileID: 0}
    - target: {fileID: 7190659047747498350, guid: e4d23931dbc94834ab827022555ff624,
        type: 3}
      propertyPath: m_LocalPosition.z
      value: 0
      objectReference: {fileID: 0}
    - target: {fileID: 7190659047747498350, guid: e4d23931dbc94834ab827022555ff624,
        type: 3}
      propertyPath: m_LocalRotation.x
      value: -0
      objectReference: {fileID: 0}
    - target: {fileID: 7190659047747498350, guid: e4d23931dbc94834ab827022555ff624,
        type: 3}
      propertyPath: m_LocalRotation.y
      value: -0
      objectReference: {fileID: 0}
    - target: {fileID: 7190659047747498350, guid: e4d23931dbc94834ab827022555ff624,
        type: 3}
      propertyPath: m_LocalRotation.z
      value: -0
      objectReference: {fileID: 0}
    - target: {fileID: 7190659047747498350, guid: e4d23931dbc94834ab827022555ff624,
        type: 3}
      propertyPath: m_LocalRotation.w
      value: 1
      objectReference: {fileID: 0}
    - target: {fileID: 7190659047747498350, guid: e4d23931dbc94834ab827022555ff624,
        type: 3}
      propertyPath: m_RootOrder
      value: 1
      objectReference: {fileID: 0}
    - target: {fileID: 7190659047747498350, guid: e4d23931dbc94834ab827022555ff624,
        type: 3}
      propertyPath: m_LocalEulerAnglesHint.x
      value: 0
      objectReference: {fileID: 0}
    - target: {fileID: 7190659047747498350, guid: e4d23931dbc94834ab827022555ff624,
        type: 3}
      propertyPath: m_LocalEulerAnglesHint.y
      value: 0
      objectReference: {fileID: 0}
    - target: {fileID: 7190659047747498350, guid: e4d23931dbc94834ab827022555ff624,
        type: 3}
      propertyPath: m_LocalEulerAnglesHint.z
      value: 0
      objectReference: {fileID: 0}
    - target: {fileID: 7190659047747498350, guid: e4d23931dbc94834ab827022555ff624,
        type: 3}
      propertyPath: m_AnchoredPosition.x
      value: 0
      objectReference: {fileID: 0}
    - target: {fileID: 7190659047747498350, guid: e4d23931dbc94834ab827022555ff624,
        type: 3}
      propertyPath: m_AnchoredPosition.y
      value: 3
      objectReference: {fileID: 0}
    - target: {fileID: 7190659047747498350, guid: e4d23931dbc94834ab827022555ff624,
        type: 3}
      propertyPath: m_SizeDelta.x
      value: 64
      objectReference: {fileID: 0}
    - target: {fileID: 7190659047747498350, guid: e4d23931dbc94834ab827022555ff624,
        type: 3}
      propertyPath: m_SizeDelta.y
      value: 64
      objectReference: {fileID: 0}
    - target: {fileID: 7190659047747498350, guid: e4d23931dbc94834ab827022555ff624,
        type: 3}
      propertyPath: m_AnchorMin.x
      value: 0
      objectReference: {fileID: 0}
    - target: {fileID: 7190659047747498350, guid: e4d23931dbc94834ab827022555ff624,
        type: 3}
      propertyPath: m_AnchorMin.y
      value: 0
      objectReference: {fileID: 0}
    - target: {fileID: 7190659047747498350, guid: e4d23931dbc94834ab827022555ff624,
        type: 3}
      propertyPath: m_AnchorMax.x
      value: 0
      objectReference: {fileID: 0}
    - target: {fileID: 7190659047747498350, guid: e4d23931dbc94834ab827022555ff624,
        type: 3}
      propertyPath: m_AnchorMax.y
      value: 0
      objectReference: {fileID: 0}
    - target: {fileID: 7190659047747498350, guid: e4d23931dbc94834ab827022555ff624,
        type: 3}
      propertyPath: m_Pivot.x
      value: 0.5
      objectReference: {fileID: 0}
    - target: {fileID: 7190659047747498350, guid: e4d23931dbc94834ab827022555ff624,
        type: 3}
      propertyPath: m_Pivot.y
      value: 0.5
      objectReference: {fileID: 0}
    - target: {fileID: 7190659047747498351, guid: e4d23931dbc94834ab827022555ff624,
        type: 3}
      propertyPath: m_Name
      value: DeathTimer
      objectReference: {fileID: 0}
    m_RemovedComponents: []
  m_SourcePrefab: {fileID: 100100000, guid: e4d23931dbc94834ab827022555ff624, type: 3}
--- !u!224 &8679622697354750266 stripped
RectTransform:
  m_CorrespondingSourceObject: {fileID: 7190659047747498350, guid: e4d23931dbc94834ab827022555ff624,
    type: 3}
  m_PrefabInstance: {fileID: 1999154672573569108}
  m_PrefabAsset: {fileID: 0}
--- !u!114 &8679622697354750269 stripped
MonoBehaviour:
  m_CorrespondingSourceObject: {fileID: 7190659047747498345, guid: e4d23931dbc94834ab827022555ff624,
    type: 3}
  m_PrefabInstance: {fileID: 1999154672573569108}
  m_PrefabAsset: {fileID: 0}
  m_GameObject: {fileID: 0}
  m_Enabled: 1
  m_EditorHideFlags: 0
  m_Script: {fileID: 11500000, guid: afdf99dcb49fe5d4da0f2483897eb3e6, type: 3}
  m_Name: 
  m_EditorClassIdentifier: 
